<?xml version="1.0" encoding="UTF-8"?><record xmlns="http://www.loc.gov/MARC21/slim" xmlns:cinclude="http://apache.org/cocoon/include/1.0" xmlns:zs="http://www.loc.gov/zing/srw/">
  <leader>00503nz  a2200145n  4500</leader>
  <controlfield tag="001">no2007122444</controlfield>
  <controlfield tag="003">DLC</controlfield>
  <controlfield tag="005">20071015074834.0</controlfield>
  <controlfield tag="008">070925n| acannaabn          |n aaa     c</controlfield>
  <datafield tag="010" ind1=" " ind2=" ">
    <subfield code="a">no2007122444</subfield>
  </datafield>
  <datafield tag="035" ind1=" " ind2=" ">
    <subfield code="a">(OCoLC)oca07550603</subfield>
  </datafield>
  <datafield tag="040" ind1=" " ind2=" ">
    <subfield code="a">UPB</subfield>
    <subfield code="b">eng</subfield>
    <subfield code="c">UPB</subfield>
  </datafield>
  <datafield tag="100" ind1="1" ind2=" ">
    <subfield code="a">Evans, Kjerstin</subfield>
  </datafield>
  <datafield tag="670" ind1=" " ind2=" ">
    <subfield code="a">The warmth of the kitchen, 2006:</subfield>
    <subfield code="b">t.p. (Kjerstin Evans)</subfield>
  </datafield>
  <datafield tag="670" ind1=" " ind2=" ">
    <subfield code="a">Brigham Young University, L. Tom Perry Special Collections worksheet, Sept. 25, 2007</subfield>
    <subfield code="b">(Kjerstin Evans; student at Brigham Young University)</subfield>
  </datafield>
</record>